<?xml version="1.0" encoding="UTF-8"?><collection xmlns="http://www.loc.gov/MARC21/slim"><record><leader>00385nam--2200133-i-4500</leader><controlfield tag="001">000003359</controlfield><controlfield tag="002">20161230</controlfield><controlfield tag="005">20161230201025</controlfield><controlfield tag="008">060222s1000------------r-----000-0-eng-d</controlfield><datafield ind1=" " ind2=" " tag="100"><subfield code="a">Courant, R</subfield></datafield><datafield ind1=" " ind2=" " tag="245"><subfield code="a">Vorlesungen uber differential-und integral rechnung band.2: funktionen mehrerer verandelichen</subfield></datafield><datafield ind1=" " ind2=" " tag="260"><subfield code="a">Berlin, Springer, 1927-1928</subfield></datafield><datafield ind1=" " ind2=" " tag="490"><subfield code="a">Vi+360p</subfield></datafield><datafield ind1=" " ind2=" " tag="852"><subfield code="a">517.2.3(075.8)</subfield></datafield></record></collection>